@inproceedings{RevealingTheProgrammingProcess,
    author = {Bennedsen, Jens and Caspersen, Michael},
    year = {2005},
    month = {02},
    pages = {186-190},
    title = {Revealing the programming process},
    volume = {37},
    journal = {ACM Sigcse Bulletin},
    doi = {10.1145/1047124.1047413},
    note         = "",
    annote       = ""
}

@phdthesis{Bennedsen2008TeachingAL,
  title= {Teaching and learning introductory programming : a model-based approach},
  author={Jens Bennedsen},
  school={University of Oslo},
  year = { 2008}
}

@article{LearningAndGamification,
    author = {Caporarello, Leonardo and Magni, Massimo and Pennarola, Ferdinando},
    year = {2017},
    month = {12},
    pages = {153488},
    title = {Learning and gamification: a possible relationship?},
    volume = {4},
    journal = {EAI Endorsed Transactions on e-Learning},
    doi = {10.4108/eai.19-12-2017.153488},
    note    = {Aléssio Note: }
}

@article{InteractingFactorsThatPredict,
    author = {Rountree, Nathan and Rountree, Janet and Robins, Anthony and Hannah, Robert},
    year = {2004},
    month = {12},
    pages = {101-104},
    title = {Interacting factors that predict success and failure in a CS1 course},
    volume = {36},
    journal = {SIGCSE Bulletin},
    doi = {10.1145/1041624.1041669},
    note    =  {\href{run:bibtex/12341234.pdf}{12341234.pdf}}
    
}

@inproceedings{UltraLightweightEarlyPrediction,
    author = {Gordon, Chelsea and Zhao, Stanley and Vahid, Frank},
    year = {2023},
    month = {03},
    pages = {764-770},
    title = {Ultra-Lightweight Early Prediction of At-Risk Students in CS1},
    doi = {10.1145/3545945.3569764},
    note    = {Aléssio Note: }, 
}

@mastersthesis{AnaliseDaEvasãoEmCursosSuperiores,
    author =  {Raphael Magalhães Hoed},
    year = {2016},
    title = {Análise da evasão em cursos superiores: o caso da
    evasão em cursos superiores da área de Computação},
    school= {UNB},
    note    = {Aléssio Note: },
    file    = {}
}


% \bibitem[{Busarrelo (2016)}]{b_2016}
% BUSARELLO, Raul Inácio. Gamification: princípios e estratégias. Pimenta cultural, 2016.

% \bibitem[{Deters (2008)}]{d_2008}
% DETERS, J. I.; DA SILVA, J. M. C.; DE MIRANDA, E. M.; FERNANDES, A. M. R. O Desafio de Trabalhar com Alunos Repetentes na Disciplina de Algoritmos e Programação. Simpósio Brasileiro de Informática na Educação. 2008.

% \bibitem[{Deterding (2014)}]{d_2011}
% DETERDING, S. et al. From game design elements to gamefulness: defining gamification. In: ACM. Proceedings of the 15th international academic MindTrek conference: Envisioning future media environments. [S.l.], 2011.

% \bibitem[{Giraffa e Mora (2013)}]{g_m_2013}
% GIRAFFA, M.; MORA, M. DA COSTA. Evasão na disciplina de algoritmo e programação: um estudo a partir dos fatores intervenientes na perspectiva do aluno. Congresos CLABES, 3 nov. 2016.

% \bibitem[{Gomes et al. (2008)}]{g_h_m_2008}
% GOMES, A., HENRIQUES, J., MENDES, A. J. (2008). “Uma proposta para ajudar alunos   com   dificuldades   na   aprendizagem   inicial   de   programação   de   computadores”.  ”In  Educação,  Formação  &  Tecnoloigias;  vol.1(1),  pp.  93-103. Disponível em http://eft.educom.pt 

% \bibitem[{Hamari, Koivisto e Sarsa (2014)}]{h_k_s_2014}
% HAMARI, J.; KOIVISTO, J.; SARSA H. Does Gamification Work? A Literature Review of Empirical Studies on
% Gamification, 2014.

% \bibitem[{ICPC (2020)}]{icpc_2020} 
% The 44Th Annual World Finals of the ICPC Internationl Collegiate Programming Contest. (2020). FactSheet. Disponível em: https://icpc.global/worldfinals/pdf/Factsheet.pdf

% \bibitem[{Lahtinen et al. (2005)}]{l_a_j_2005}
% LAHTINEN, E.; ALA-MUTKA, K.; JÄRVINEN, H.-M. A study of the difficulties of novice programmers. v. 37, p. 14, 2005.

% \bibitem[{Lazzaro (2004)}]{l_2004}
% LAZZARO, N. Why we play games: Four keys to more emotion without story. 2004.

% \bibitem[{Lister (2000)}]{l_2000}
% LISTER, R. On blooming first year programming, and its blooming assessment. In: \textbf{Proceedings of the Australasian conference on Computing education - ACSE}. [S.l.]: ACM Press, 2000. p. 158?162.

% \bibitem[{Majuri, Koivisto e Hamari (2018)}]{m_k_h_2018}
% MAJURI, J.; KOIVISTO, J.; HAMARI, J.Gamification of education and learning: A review of empirical literature, 2018.

% \bibitem[{Marin e Klieman (2014)}]{m_k_2014}
% MARIN, M. A. M.; KLIEMANN, M. P. Reflexões sobre o uso da tecnologia computacional na educação. 2014.

% \bibitem[{McGonigal (2011)}]{m_2011}
% MCGONIGAL, J. Reality is broken: Why games make us better and how they can change the world. [S.l.]: Penguin, 2011.

% \bibitem[{Rocha et al. (2010)}]{r_f_m_n_g_2010}
% ROCHA, P. S.; FERREIRA, B.; MONTEIRO, D.; NUNES, D. S. C.; GÓES, H. C. N.; Ensino e Aprendizagem de Programação: Análise da Aplicação de Proposta Metodológica Baseada no Sistema Personalizado de Ensino. Cinted-UFRGS, v. 8, n. 3, p.1-11, Porto Alegre, dez/2010.

% \bibitem[{Rountree et al. (2004)}]{rountree_2004}
% Nathan Rountree, Janet Rountree, Anthony Robins, and Robert Hannah. 2004. Interacting factors that predict success and failure in a CS1 course. In Working group reports from ITiCSE on Innovation and technology in computer science education (ITiCSE-WGR '04). Association for Computing Machinery, New York, NY, USA, 101–104. DOI:https://doi.org/10.1145/1044550.1041669

% \bibitem[{Wazlawick (2009)}]{w_2009}
% WAZLAWICK, R.S. (2009).; Metodologia de pesquisa para Ciência da Computação, 184p. Editora Campus/Elsevier. ISBN: 9788535235227.






@string{CVPR = {Proceedings of the {IEEE} Conference on Computer Vision and Pattern Recognition ({CVPR})}}

@string{ICCV = {Proceedings of the {IEEE} International Conference on Computer Vision ({ICCV})}}

@article{sweeney2002k,
	title={k-anonymity: A model for protecting privacy},
	author={Sweeney, Latanya},
	journal={International Journal of Uncertainty, Fuzziness and Knowledge-Based Systems},
	volume={10},
	number={05},
	pages={557--570},
	year={2002},
	publisher={World Scientific}
}


@inproceedings{dwork2006calibrating,
	title={Calibrating noise to sensitivity in private data analysis},
	author={Dwork, Cynthia and McSherry, Frank and Nissim, Kobbi and Smith, Adam},
	booktitle={Theory of cryptography conference},
	pages={265--284},
	year={2006},
	organization={Springer}
}

@inproceedings{bichsel92simple,
	author = {M. Bichsel and Alex P. Pentland},
	title = {A Simple Algorithm For Shape From Shading},
	booktitle = CVPR,
	year = {1992},
	pages = {459--465},
	url = {citeseer.csail.mit.edu/bichsel92simple.html},
}

@inproceedings{dror01statistics,
	author = {Ron O. Dror and Thomas K. Leung and Edward H. Adelson and Alan S. Willsky},
	title = {Statistics of Real-World Illumination},
	booktitle = CVPR,
	year = {2001},
	month = {December},
}

@inproceedings{guisser92new,
	title={A new 3-D surface measurement system using a structured light},
	author={Guisser, Latifa and Payrissat, Ren{\'e} and Castan, Serge},
	booktitle={Proceedings 1992 IEEE Computer Society Conference on Computer Vision and Pattern Recognition},
	pages={784--785},
	year={1992},
	organization={IEEE Computer Society}
}


@book{horn86robot,
	title = {Robot Vision},
	publisher = {McGraw-Hill Book Company, Cambridge, Massachusetts},
	year = {1986},
	author = {Berthold Klaus Paul Horn},
	note = {MIT Electrical Engineering and Computer Science Series},
}

@inproceedings{hougen93estimation,
	author = {Darrel R. Hougen and Narendra Ahuja},
	title = {Estimation Of The Light Source Distribution And Its Use In Integrated Shape Recovery From Stereo And Shading},
	booktitle = ICCV,
	year = {1993},
	pages = {148--155},
}

@inproceedings{samaras99coupled,
	author = {Dimitris Samaras and Dimitris Metaxas},
	title = {Coupled Lighting Direction and Shape Estimation from Single Images},
	booktitle = ICCV,
	year = {1999},
	pages = {868--874},
}

@inproceedings{sato01stability,
	author = {Imari Sato and Yoichi Sato and Katsushi Ikeuchi},
	title = {Stability Issues in Recovering Illumination Distribution from Brightness in Shadows},
	booktitle = CVPR,
	year = {2001},
	pages = {400--407},
	month = {December},
}

@inproceedings{sato99illumination2,
	author = {Imari Sato and Yoichi Sato and Katsushi Ikeuchi},
	title = {Illumination Distribution from Brightness in Shadows: Adaptive Estimation of Illumination Distribution with Unknown Reflectance Properties in Shadow Regions},
	booktitle = ICCV,
	year = {1999},
	pages = {875--882},
	month = {September},
	citeseerurl = {http://citeseer.lcs.mit.edu/sato99illumination.html},
}

@inproceedings{sato99illumination1,
	author = {Imari Sato and Yoichi Sato and Katsushi Ikeuchi},
	title = {Illumination Distribution from Shadows},
	booktitle = CVPR,
	year = {1999},
	pages = {306--312},
	month = {June},
}

@article{shashua97photometric,
	author = {Amnon Shashua},
	title = {On Photometric Issues in {3D} Visual Recognition from a Single {2D} Image},
	journal = {International Journal of Computer Vision ({IJCV})},
	year = {1997},
	volume = {21},
	pages = {99--122},
	number = {1/2},
}
